@book{evensen1999effective,
  title={Effective call center management: evidence from financial services},
  author={Evensen, Ann and Frei, Frances X and Harker, Patrick T},
  year={1999},
  publisher={Citeseer}
}

@article{ibrahim2016modeling,
  title={Modeling and forecasting call center arrivals: A literature survey and a case study},
  author={Ibrahim, Rouba and Ye, Han and Lâ€™Ecuyer, Pierre and Shen, Haipeng},
  journal={International Journal of Forecasting},
  volume={32},
  number={3},
  pages={865--874},
  year={2016},
  publisher={Elsevier}
}