@book{evensen1999effective,
  title={Effective call center management: evidence from financial services},
  author={Evensen, Ann and Frei, Frances X and Harker, Patrick T},
  year={1999},
  publisher={Citeseer}
}

@article{ibrahim2016modeling,
  title={Modeling and forecasting call center arrivals: A literature survey and a case study},
  author={Ibrahim, Rouba and Ye, Han and Lâ€™Ecuyer, Pierre and Shen, Haipeng},
  journal={International Journal of Forecasting},
  volume={32},
  number={3},
  pages={865--874},
  year={2016},
  publisher={Elsevier}
}
@inproceedings{avramidis2005modeling,
  title={Modeling and simulation of call centers},
  author={Avramidis, Athanassios N and L'Ecuyer, Pierre},
  booktitle={Proceedings of the Winter Simulation Conference, 2005.},
  pages={9--pp},
  year={2005},
  organization={IEEE}
}

@article{newbold1983arima,
  title={ARIMA model building and the time series analysis approach to forecasting},
  author={Newbold, Paul},
  journal={Journal of forecasting},
  volume={2},
  number={1},
  pages={23--35},
  year={1983},
  publisher={Wiley Online Library}
}
