@book{evensen1999effective,
  title={Effective call center management: evidence from financial services},
  author={Evensen, Ann and Frei, Frances X and Harker, Patrick T},
  year={1999},
  publisher={Citeseer}
}

@article{ibrahim2016modeling,
  title={Modeling and forecasting call center arrivals: A literature survey and a case study},
  author={Ibrahim, Rouba and Ye, Han and Lâ€™Ecuyer, Pierre and Shen, Haipeng},
  journal={International Journal of Forecasting},
  volume={32},
  number={3},
  pages={865--874},
  year={2016},
  publisher={Elsevier}
}
@inproceedings{avramidis2005modeling,
  title={Modeling and simulation of call centers},
  author={Avramidis, Athanassios N and L'Ecuyer, Pierre},
  booktitle={Proceedings of the Winter Simulation Conference, 2005.},
  pages={9--pp},
  year={2005},
  organization={IEEE}
}

@article{newbold1983arima,
  title={ARIMA model building and the time series analysis approach to forecasting},
  author={Newbold, Paul},
  journal={Journal of forecasting},
  volume={2},
  number={1},
  pages={23--35},
  year={1983},
  publisher={Wiley Online Library}
}

@article{schreiber2018logistic,
  title={Logistic and linear regression assumptions: Violation recognition and control},
  author={Schreiber-Gregory, Deanna and Jackson, HM and Bader, K},
  journal={Henry M Jackson Foundation},
  year={2018}
}

@article{feinberg2002operational,
  title={Operational determinants of caller satisfaction in the banking/financial services call center},
  author={Feinberg, Richard A and Hokama, Leigh and Kadam, Rajesh and Kim, IkSuk},
  journal={International Journal of Bank Marketing},
  volume={20},
  number={4},
  pages={174--180},
  year={2002},
  publisher={MCB UP Ltd}
}

@article{brown2005statistical,
  title={Statistical analysis of a telephone call center: A queueing-science perspective},
  author={Brown, Lawrence and Gans, Noah and Mandelbaum, Avishai and Sakov, Anat and Shen, Haipeng and Zeltyn, Sergey and Zhao, Linda},
  journal={Journal of the American statistical association},
  volume={100},
  number={469},
  pages={36--50},
  year={2005},
  publisher={Taylor \& Francis}
}

@article{rafaeli2008impact,
  title={The impact of call center employees' customer orientation behaviors on service quality},
  author={Rafaeli, Anat and Ziklik, Lital and Doucet, Lorna},
  journal={Journal of service research},
  volume={10},
  number={3},
  pages={239--255},
  year={2008},
  publisher={Sage Publications Sage CA: Los Angeles, CA}
}